@inproceedings{DBLP:conf/cc/StreitHZH12,
  author    = {Kevin Streit and
               Clemens Hammacher and
               Andreas Zeller and
               Sebastian Hack},
  title     = {Sambamba: A Runtime System for Online Adaptive Parallelization},
  booktitle = {CC},
  year      = {2012},
  pages     = {240-243},
  ee        = {http://dx.doi.org/10.1007/978-3-642-28652-0_13},
  crossref  = {DBLP:conf/cc/2012},
  bibsource = {DBLP, http://dblp.uni-trier.de}
}

@proceedings{DBLP:conf/cc/2012,
  editor    = {Michael F. P. O'Boyle},
  title     = {Compiler Construction - 21st International Conference, CC
               2012, Held as Part of the European Joint Conferences on
               Theory and Practice of Software, ETAPS 2012, Tallinn, Estonia,
               March 24 - April 1, 2012. Proceedings},
  booktitle = {CC},
  publisher = {Springer},
  series    = {Lecture Notes in Computer Science},
  volume    = {7210},
  year      = {2012},
  isbn      = {978-3-642-28651-3},
  ee        = {http://dx.doi.org/10.1007/978-3-642-28652-0},
  bibsource = {DBLP, http://dblp.uni-trier.de}
}

@misc{StreitHZH12:Online,
  author    = {Kevin Streit and
               Clemens Hammacher and
               Andreas Zeller and
               Sebastian Hack},
  title     = {Sambamba: A Runtime System for Online Adaptive Parallelization},
  year      = {2012},
  url       = {http://www.sambamba.org},
}

@InProceedings{grosser.11.impact,
  author    = { Tobias Grosser and Hongbin Zheng and Raghesh A and Andreas Simb{\"u}rger and Armin Gr{\"o}sslinger and  Louis-No{\"e}l Pouchet},
  title     = { Polly - Polyhedral optimization in LLVM },
  booktitle = { First International Workshop on Polyhedral Compilation Techniques (IMPACT'11)},
  address   = { Chamonix, France},
  month     = apr,
  year      = {2011}
}

@misc{Polly:Online,
  author    = {Tobias Grosser},
  title     = {Polly - Polyhedral optimization in LLVM },
  year      = {2011},
  url       = {http://polly.llvm.org}
}

@phdthesis{grosser:thesis,
    author  = {Tobias Grosser},
    title   = {Enabling Polyhedral Optimizations in LLVM},
    type    = {Diploma Thesis},
    school  = {University of Passau},
    month   = apr,
    year    = 2011,
    url     = {http://polly.llvm.org/publications/grosser-diploma-thesis.pdf}
}

@InProceedings{LLVM:CGO04,
    author    = {Chris Lattner and Vikram Adve},
    title     = "{LLVM: A Compilation Framework for Lifelong Program Analysis \& Transformation}",
    booktitle = "{Proceedings of the 2004 International Symposium on Code Generation and Optimization (CGO'04)}",
    address   = {Palo Alto, California},
    month     = {Mar},
    year      = {2004}
}

@INPROCEEDINGS{Lengauer93loopparallelization,
    author    = {Christian Lengauer},
    title     = {Loop Parallelization in the Polytope Model},
    booktitle = {CONCUR '93, Lecture Notes in Computer Science 715},
    year      = {1993},
    pages     = {398--416},
    publisher = {Springer-Verlag}
}

@misc{LLVM:Online,
  author    = {Chris Lattner and Vikram Adve},
  title     = "{LLVM: A Compilation Framework for Lifelong Program Analysis \& Transformation}",
  year      = {2004}, 
  url       = {http://www.llvm.org},
}

@phdthesis{raghesh2011framework,
   title={A Framework for Automatic OpenMP Code Generation},
   author={RAGHESH, A.},
   year={2011},
   school={INDIAN INSTITUTE OF TECHNOLOGY, MADRAS}
}


@misc{PoCC:Online,
  author    = {Louis-No{\"e}l Pouchet},
  title     = "{PoCC - The Polyhedral Compiler Collection}",
  year      = {2009},
  url       = {http://www.cse.ohio-state.edu/~pouchet/software/pocc/},
}
